%%%%%%%%% STRING FORMATS %%%%%%%%%%%%%%%
@string{acm =   "ACM Press"}
@string{els = "Elsevier"}
@string{cam = "Cambridge University Press"}
@string{api = "Academic Press, Inc"}
@string{cacm =  "Communications of the ACM"}
@string{iac = "Information and Computation"}
@string{tsi = "Technique et science informatique"}
@string{sv =    "Springer-Verlag"}
@Comment @string{lncs =  "Lecture Notes in Computer Science"}
@string{lncs =  "LNCS"}	  
@string{lnai =  "Lecture Notes in Artificial Intelligence"}	  
@string{sigplan = "ACM SIGPLAN Notices"}
@string{kap = "Kluwer Academic Publishers"}
@string{ieee = "IEEE Computer Society Press"}
@string{toplas = "ACM Transactions on Programming Languages and Systems"}
@string{tosem = "ACM Transactions on Software Engineering and Methodology"}
@string{taas = "ACM Transactions on Autonomous and Adaptive Systems"}
@string{taosd = "Transactions on Aspect-Oriented Software Development"}
@string{tse = "IEEE Transactions on Software Engineering"}
@string{isoft = "IEEE Software"}
@string{ietsoft = "IET Software"}
@string{tcs = "Theoretical Computer Science"}
@string{wiley = "Wiley \& Sons"}
@string{spe = "Software---Practice and Experience"}
@string{ccpe = "Concurrency and Computation---Practice and Experience"}
@string{scp = "Science of Computer Programming"}
@string{mit = "MIT Press"}
@string{jucs = "Journal of Universal Computer Science"}
@string{clss = "Journal of Computer Languages, Systems and Structures"}
@string{hosc = "Higher-Order and Sympolic Computation"}
@string{jfp = "Journal of Functional Programming"}
@string{sacs = "Scientific Annals of Computer Science"}
@string{jot = "Journal of Object Technology"}
@string{puc = "Personal and Ubiquitous Computing"}
@string{emse = "Empirical Software Engineering"}
@string{csur = "ACM Computing Surveys"}
@string{ap = "Academic Press, Inc."}
@string{aw = "Addison-Wesley"}
@string{jlogp = "Journal of Logic Programming"}
@string{scheme = "Scheme and Functional Programming Workshop"}
%%%%%%%%%%%%%%%%%%%%%%%%%%%%%%%%%%%%%%%%%%%%%%%%%%%%%%%%%%%%%%%%%%%%%%

@inproceedings{buirasAl:icfp2015,
 author = {Pablo Buiras and Dimitrios Vytiniotis and Alejandro Russo},
 title = {{HLIO}: mixing static and dynamic typing for information-flow control in {Haskell}},
 crossref = {icfp2015},
 pages = {289--301},
}

@article{sabelfeldSands:jcs2009,
  author = {Andrei Sabelfeld and David Sands},
  title = {Declassification: Dimensions and principles},
  journal = {Journal of Computer Security},
  volume = 17,
  number = 5,
  pages = {517--548},
  year = 2009,
}

@article{henglein:esop94,
  author = {Fritz Henglein},
  title = {Dynamic typing: syntax and proof theory},
  journal = scp,
  volume = 22,
  number = 3,
  month = jun,
  pages = {197--230},
  year = 1994,
}

@article{BabyJ,
  journal      = {Electronic Notes in Theoretical Computer Science},
  title	       = {{BabyJ: from object based to class based programming
                  via types}},
  volume       = 82,
  number       = 8,
  author       = {Anderson, Christopher and Drossopoulou, Sophia},
  year	       = 2003,
}

@article{knowles10hybrid,
  author    = {Kenneth Knowles and
               Cormac Flanagan},
  title     = {Hybrid type checking},
  journal   = {{ACM} Trans. Program. Lang. Syst.},
  volume    = {32},
  number    = {2},
  year      = {2010},
}



@inproceedings{garciaAl:popl2016,
  author = {Ronald Garcia and Clark, Alison M. and {\'E}ric Tanter},
  title = {Abstracting Gradual Typing},
  crossref = {popl2016},
}

@inproceedings{cimini16gradualizer,
  author       = {Cimini, Matteo and Siek, Jeremy G.},
  title	       = {The Gradualizer: a methodology and algorithm for
                  generating gradual type systems},
  crossref     = {popl2016},
}

@inproceedings{banados14effects,
  author = {Ba{\~n}ados Schwerter, Felipe and Ronald Garcia and {\'E}ric Tanter},
  title = {A Theory of Gradual Effect Systems},
  crossref = {icfp2014},
  pages = {283--295},
}

@inproceedings{CousotCousot94-1,
  author       = {Cousot, P{.} and Cousot, R{.}},
  title	       = {Higher-Order Abstract Interpretation (and
                  Application to Comportment Analysis Generalizing
                  Strictness, Termination, Projection and {PER}
                  Analysis of Functional Languages), invited paper},
  pages	       = {95--112},
  booktitle    = { 1994 International Conference on
                  Computer Languages},
  address      = {Toulouse, France},
  month	       = {16--19 May},
  year	       = 1994,
  publisher    = {IEEE Computer Society Press, Los Alamitos,
                  California},
}

@inproceedings{GiffordLucassen,
  author       = {Gifford, David K. and Lucassen, John M.},
  title	       = {Integrating functional and imperative programming},
  pages	       = {28--38},
  booktitle    = {Proceedings of the 1986 {ACM} Conference on Lisp and
                  Functional Programming},
  publisher    = acm,
  month	       = aug,
  year	       = 1986,
  address      = {Cambridge, MA, USA}
}

@article{denning76lattice,
  author       = {Denning, Dorothy E.},
  title	       = {A Lattice Model of Secure Information Flow},
  journal      = {Commun. ACM},
  issue_date   = {May 1976},
  volume       = 19,
  number       = 5,
  month	       = may,
  year	       = 1976,
  issn	       = {0001-0782},
  pages	       = {236--243},
  numpages     = 8,
  acmid	       = 360056,
  publisher    = {ACM},
  address      = {New York, NY, USA},
  keywords     = {information flow, lattice, program certification,
                  protection, security, security class},
}

@misc{garciaTanter:lgsec,
  author       = {Ronald Garcia and {\'E}ric Tanter},
  title	       = {Deriving a Simple Gradual Security Language},
  howpublished = {available on arXiv},
  url	       = {http://arxiv.org/abs/1511.01399},
  year	       = 2015,
}

@inproceedings{thiemannFennell:esop2014,
  author = {Peter Thiemann and Luminous Fennell},
  title = {Gradual Typing for Annotated Type Systems},
  crossref = {esop2014},
  pages = {47--66},
}




@inproceedings{thatte90quasi,
  author       = {Satish Thatte},
  title	       = {Quasi-static typing},
  crossref     = {popl1990},
  pages	       = {367--381},
}


@misc{myers:jif,
  author = {Myers, Andrew C.},
  title = {Jif homepage},
  howpublished = {http://www.cs.cornell.edu/jif/},
  year = {accessed June 2015},
}

@inproceedings{remy:popl89,
  author = {Didier R{\'e}my},
  title = {Type Checking Records and Variants as a Natural Extension of {ML}},
  crossref = {popl89},
  pages = {77--88},
}


@inproceedings{siekAl:esop2009,
  author = {Jeremy Siek and Ronald Garcia and Walid Taha},
  title = {Exploring the Design Space of Higher-Order Casts},
  crossref = {esop2009},
  pages = {17--31},
}
@inproceedings{wadlerFindler:esop2009,
  author = {Philip Wadler and Findler, Robert Bruce},
  title = {Well-Typed Programs Can't Be Blamed},
  crossref = {esop2009},
  pages = {1--16},
}




@article{zhengMyers:ijis2007,
  author = {Lantian Zheng and Myers, Andrew C.},
  title = {Dynamic Security Labels and Noninterference},
  journal = {International Journal of Information Security},
  volume = 6,
  number = 2,
  month = mar,
  year = 2007,
  pages = {67--84}
}


@inproceedings{siekAl:popl10,
 author = {Siek, Jeremy and Wadler, Philip},
 title = {Threesomes, with and without blame},
 crossref = {popl2010},
 pages = {365--376},
}


@inproceedings{siekAl:esop2015,
  author = {Siek, Jeremy G. and Vitousek, Michael M. and Matteo Cimini and Tobin-Hochstadt, Sam and Ronald Garcia},
  title = {Monotonic References for Efficient Gradual Typing},
  crossref = {esop2015},
  pages = {432--456},
}


@phdthesis{zdancewic,
  author = {Steve Zdancewic},
  title = {Programming Languages for Information Security},
  school = {Cornell University},
  month = aug,
  year = 2002,
}

@inproceedings{fennellThiemann:csf2013,
  author = {Luminous Fennell and Peter Thiemann},
  title = {Gradual Security Typing with References},
  booktitle = { Computer Security Foundations Symposium },
  pages = {224--239},
  year = 2013,
  month = jun,
}

@inproceedings{AbstractInterpretation,
  author       = {Cousot, Patrick and Cousot, Radhia},
  title	       = {Abstract interpretation: A unified lattice model for
                  static analysis of programs by construction or
                  approximation of fixpoints},
  crossref     = {popl77},
  pages	       = {238--252},
}


@inproceedings{GradualTyping,
  author       = {Jeremy G. Siek and Walid Taha},
  title	       = {Gradual Typing for Functional Languages},
  booktitle    = scheme,
  year	       = 2006,
  month	       = sep,
  pages	       = {81--92},
}

@inproceedings{GradualTypingObjects,
  author       = {Siek, Jeremy and Taha, Walid},
  title	       = {Gradual typing for objects},
  crossref = {ecoop2007},
  pages	       = {2--27},
}

@article{WrightFelleisen1994,
  author       = {Wright, Andrew K. and Felleisen, Matthias},
  title	       = {A Syntactic Approach to Type Soundness},
  journal      = {Journal of Information and Computation},
  volume       = 115,
  number       = 1,
  month	       = nov,
  year	       = 1994,
  pages	       = {38--94},
  publisher    = {Academic Press, Inc.},
} 

@inproceedings{herman06space,
	Author = {David Herman and Aaron Tomb and Cormac Flanagan},
	Booktitle = {Trends in Functional Programming},
	Month = {April},
	Pages = {XXVIII},
	Title = {Space-Efficient Gradual Typing},
	Year = {2007}
}

@inproceedings{rastogi12ins,
  author       = {Rastogi, Aseem and Chaudhuri, Avik and Hosmer,
                  Basil},
  title	       = {The Ins and Outs of Gradual Type Inference},
  pages	       = {481--494},
  crossref     = {popl2012},
} 


@article{church1940,
  author       = "Church, Alonzo",
  fjournal     = "Journal of Symbolic Logic",
  journal      = "J. Symbolic Logic",
  month	       = 06,
  number       = 2,
  pages	       = "56--68",
  publisher    = "Association for Symbolic Logic",
  title	       = "A Formulation of the Simple Theory of Types",
  volume       = 5,
  year	       = 1940
}


@article{debray88mode,
  author       = {Debray, Saumya K. and Warren, David S.},
  title	       = {Automatic Mode Inference for Logic Programs},
  journal      = jlogp,
  issue_date   = {Sept. 1988},
  volume       = 5,
  number       = 3,
  month	       = sep,
  year	       = 1988,
  pages	       = {207--229},
  numpages     = 23,
  doi	       = {10.1016/0743-1066(88)90010-6},
  acmid	       = 49437,
  publisher    = {Elsevier Science Inc.},
  address      = {New York, NY, USA},
} 

@inproceedings{disney11flow,
  author       = {Tim Disney and Cormac Flanagan},
  title	       = {Gradual information flow typing},
  booktitle    = {International Workshop on Scripts to Programs},
  year	       = 2011,
}

@inproceedings{findler02contracts,
  author       = {Findler, Robert Bruce and Matthias Felleisen},
  title	       = {Contracts for Higher-Order Functions},
  crossref     = {icfp2002},
  pages	       = {48--59},
}


@article{garcia14typestate,
  author = {Ronald Garcia and {\'E}ric Tanter and Roger Wolff and Jonathan Aldrich},
  title = {Foundations of Typestate-Oriented Programming},
  journal = toplas,
  publisher = acm,
  month = oct,
  year = 2014,
  volume = 36,
  number = 4,
  articleno = {12},
  pages = {12:1--12:44},
}
@inproceedings{garcia15pts,
  author       = {Garcia, Ronald and Cimini, Matteo},
  title	       = {Principal Type Schemes for Gradual Programs},
  crossref     = {popl2015},
  pages	       = {303--315},
} 

@incollection{giacobazzi01incomplete,
  year	       = 2001,
  booktitle    = {Static Analysis},
  volume       = 2126,
  series       = lncs,
  editor       = {Cousot, Patrick},
  title	       = {Incompleteness, Counterexamples, and Refinements in
                  Abstract Model-Checking},
  publisher    = sv,
  author       = {Giacobazzi, Roberto and Quintarelli, Elisa},
  pages	       = {356-373},
}

@incollection{howard80formulae,
  author       = {William A. Howard},
  title	       = {The formulae-as-types notion of construction},
  booktitle    = {To H. B. Curry: Essays on Combinatory Logic, Lambda
                  Calculus, and Formalism},
  editor       = {J. P. Seldin and J. R. Hindley},
  publisher    = {Academic Press},
  address      = {New York},
  year	       = 1980,
  pages	       = {479--490},
  note	       = {Reprint of 1969 article}
}


@inproceedings{ina11generics,
  author       = {Ina, Lintaro and Igarashi, Atsushi},
  title	       = {Gradual typing for generics},
  crossref     = {oopsla2011},
  pages	       = {609--624},
} 

@book{pierce:tapl,
  author       = {Pierce, Benjamin C.},
  title	       = {Types and programming languages},
  year	       = 2002,
  isbn	       = {0-262-16209-1},
  publisher    = mit,
  address      = {Cambridge, MA, USA},
}


@inproceedings{rastogi15safets,
  author       = {Rastogi, Aseem and Swamy, Nikhil and Fournet,
                  C{\'e}dric and Bierman, Gavin and Vekris,
                  Panagiotis},
  title	       = {Safe \& Efficient Gradual Typing for TypeScript},
  crossref = {popl2015},
  pages =  {167--180},
} 

@inproceedings{sage,
  author       = {Jessica Gronski and Kenneth Knowles and Aaron Tomb
                  and Freund, Stephen N. and Cormac Flanagan},
  title	       = {{Sage}: Hybrid Checking for Flexible Specifications},
  booktitle    = scheme,
  pages	       = {93--104},
  year	       = 2006,
}
@incollection{schmidt07logics,
  year	       = 2008,
  booktitle    = {Verification, Model Checking, and Abstract
                  Interpretation},
  volume       = 4905,
  series       = lncs,
  editor       = {Logozzo, Francesco and Peled, DoronA. and Zuck,
                  LenoreD.},
  title	       = {Internal and External Logics of Abstract
                  Interpretations},
  publisher    = sv,
  author       = {Schmidt, DavidA.},
  pages	       = {263-278},
}

@inproceedings{sergey12ownership,
  author       = {Ilya Sergey and Dave Clarke},
  title	       = {Gradual Ownership Types},
  pages	       = {579--599},
  crossref = {esop2012},
}

@inproceedings{siek12interps,
  author       = {Siek, Jeremy G. and Garcia, Ronald},
  title	       = {Interpretations of the Gradually-typed Lambda
                  Calculus},
  booktitle    = scheme,
  year	       = 2012,
  location     = {Copenhagen, Denmark},
  pages	       = {68--80},
}

@inproceedings{swamy14js,
  author       = {Nikhil Swamy and C{\'e}dric Fournet and Aseem
                  Rastogi and Karthikeyan Bhargavan and Juan Chen and
                  Pierre-Yves Strub and Gavin Bierman},
  title	       = {Gradual Typing Embedded Securely in {JavaScript}},
  crossref     = {popl2014},
  pages	       = {425--437},
}

@inproceedings{takikawa12gradual,
  author       = {AA Takikawa and T. Strickland and C. Dimoulas and
                  S. Tobin{-}Hochstadt and M. Felleisen},
  title	       = {Gradual typing for first-class classes},
  pages	       = {793--810},
  crossref = {oopsla2012},
}

@inproceedings{wolff11typestate,
  author       = {Roger Wolff and Ronald Garcia and {\'E}ric Tanter
                  and Jonathan Aldrich},
  title	       = {Gradual Typestate},
  pages	       = {459-483},
  crossref     = {ecoop2011},
  year	       = 2011,
}

@inproceedings{samth08typed,
 author = {Sam Tobin-Hochstadt and Matthias Felleisen},
 title = {The Design and Implementation of {Typed Scheme}},
 crossref = {popl2008},
 pages = {395--406},
}


@InProceedings{wand87b,
  author       = "Mitchell Wand",
  title	       = "Complete Type Inference for Simple Objects",
  booktitle    = "Proc. 2nd IEEE Symposium on Logic in Computer
                  Science",
  year	       = 1987,
  pages	       = "37-44",
}

@inproceedings{wrigstad10liketypes,
  title	       = {Integrating typed and untyped code in a scripting
                  language},
  author       = {Tobias Wrigstad and Zappa Nardelli, Francesco and
                  Sylvain Lebresne and Johan \"Ostlund and Jan Vitek},
  crossref     = {popl2010},
  pages	       = {377--388},
}

@inproceedings{bierman10dynamic,
  author = {Gavin Bierman and Erik Meijer and Mads Torgersen},
  title = {Adding Dynamic Types to {C$^{\#}$}},
  crossref = {ecoop2010},
  pages = {76--100},
}

@inproceedings{ahmed2011forall,
  author       = {Ahmed, Amal and Findler, Robert Bruce and Siek,
                  Jeremy and Wadler, Philip},
  title	       = {Blame for all},
  crossref = {popl2011},
  pages	       = {201--214},
}


@proceedings{cav2012,
  key	       = {CAV 2012},
  booktitle    = { 24th International Confernece on Computer Aided
                  Verification (CAV 2012)},
  title	       = { 24th International Confernece on Computer Aided
                  Verification (CAV 2012)},
  adress       = { Berkeley, CA, USA},
  publisher    = {Springer},
  year	       = 2012,
  month	       = jul
}

@proceedings{cav2013,
  key	       = {CAV 2013},
  booktitle    = { 25th International Confernece on Computer Aided
                  Verification (CAV 2013)},
  title	       = { 25th International Confernece on Computer Aided
                  Verification (CAV 2013)},
  adress       = { Saint Petersburg, Russia},
  publisher    = {Springer},
  year	       = 2013,
  month	       = jul
}

@inproceedings{chandra07fine,
  author       = {D. Chandra and M. Franz},
  booktitle    = {Computer Security Applications Conference,
                  2007. ACSAC 2007. Twenty-Third Annual},
  title	       = {Fine-Grained Information Flow Analysis and
                  Enforcement in a Java Virtual Machine},
  year	       = 2007,
  pages	       = {463-475},
  keywords     = {Java;data flow analysis;security of data;virtual
                  machines;Java class files;Java virtual
                  machine;backward compatibility;control
                  flow;information flow analysis;policy change;policy
                  enforcement;static analysis;system
                  protection;Application software;Automata;Computer
                  security;Information analysis;Information
                  security;Invasive
                  software;Java;Protection;Safety;Virtual machining},
  ISSN	       = {1063-9527},
  month	       = {Dec},
}

@inproceedings{siek15together,
  author       = {Siek, Jeremy and Thiemann, Peter and Wadler, Phil},
  title	       = {Blame and Coercion: Together Again for the First
                  Time},
  crossref     = {pldi2015},
  pages	       = {425--435},
} 

@inproceedings{toroTanter:oopsla2015,
  author = {Mat{\'i}as Toro and {\'E}ric Tanter},
  title = {Customizable Gradual Polymorphic Effects for {Scala}},
  crossref = {oopsla2015},
  pages = {935--953},
}

@inproceedings{siekAl:snapl2015,
  author       = {Siek, Jeremy G. and Vitousek, Michael M. and Matteo
                  Cimini and Boyland, John Tang},
  title	       = {Refined Criteria for Gradual Typing},
  booktitle    = {1st Summit on Advances in Programming Languages
                  (SNAPL 2015)},
  year	       = 2015,
  pages	       = {274--293},
}

@inproceedings{siek08infer,
  author       = {Siek, Jeremy G. and Vachharajani, Manish},
  title	       = {Gradual Typing with Unification-based Inference},
  crossref     = {dls2008},
  pages	       = {7:1--7:12},
} 

@inproceedings{rondon2008liquid,
  title={Liquid types},
  author={Rondon, Patrick M and Kawaguci, Ming and Jhala, Ranjit},
  pages={159--169},
  year={2008},
  crossref= {pldi2008}
}

@inproceedings{vazou2014refinement,
  author    = {Niki Vazou and
               Eric L. Seidel and
               Ranjit Jhala and
               Dimitrios Vytiniotis and
               Simon L. Peyton Jones},
  title     = {Refinement types for Haskell},
  crossref  = {icfp2014},
  pages     = {269--282},
  year      = {2014},
}

@inproceedings{flanagan06hybrid,
  author    = {Cormac Flanagan},
  title     = {Hybrid type checking},
  pages     = {245--256},
  year      = {2006},
  crossref  = {popl2006},
}

@inproceedings{dilligDA12,
  author    = {Isil Dillig and
               Thomas Dillig and
               Alex Aiken},
  title     = {Automated error diagnosis using abductive inference},
  pages     = {181--192},
  year      = {2012},
  crossref  = {pldi2012},
}

@inproceedings{DilligDMA12,
  author    = {Isil Dillig and
               Thomas Dillig and
               Kenneth L. McMillan and
               Alex Aiken},
  title     = {Minimum Satisfying Assignments for {SMT}},
  pages     = {394--409},
  year      = {2012},
  crossref  = {cav2012},
}

@inproceedings{DilligDLM13,
  author    = {Isil Dillig and
               Thomas Dillig and
               Boyang Li and
               Kenneth L. McMillan},
  title     = {Inductive invariant generation via abductive inference},
  pages     = {443--456},
  year      = {2013},
  crossref  = {oopsla2013},
}
@inproceedings{DilligD13,
  author    = {Isil Dillig and
               Thomas Dillig},
  title     = {Explain: {A} Tool for Performing Abductive Inference},
  pages     = {684--689},
  year      = {2013},
  crossref  = {cav2013},
}

%%%% PROCEEDINGS

@inproceedings{heintze98slam,
  author       = {Heintze, Nevin and Riecke, Jon G.},
  title	       = {The {SLam} {Calculus}: Programming with Secrecy and
                  Integrity},
  booktitle    = { 25th ACM SIGPLAN-SIGACT Symposium
                  on Principles of Programming Languages (POPL 1998)},
  year	       = 1998,
  isbn	       = {0-89791-979-3},
  location     = {San Diego, California, USA},
  pages	       = {365--377},
  numpages     = 13,
  acmid	       = 268976,
  publisher    = {ACM},
  address      = {New York, NY, USA},
} 


@proceedings{icfp2015,
  key = {ICFP 2015},
  booktitle = { 20th ACM SIGPLAN Conference on Functional Programming (ICFP 2015)},
  title = { 20th ACM SIGPLAN Conference on Functional Programming (ICFP 2015)},
  year = 2015,
  address = {Vancouver, Canada},
  month = sep,
  publisher = acm,
}

@proceedings{icfp2014,
  key = {ICFP 2014},
  booktitle = { 19th ACM SIGPLAN Conference on Functional Programming (ICFP 2014)},
  title = { 19th ACM SIGPLAN Conference on Functional Programming (ICFP 2014)},
  year = 2014,
  address = {Gothenburg, Sweden},
  month = sep,
  publisher = acm,
}


@proceedings{popl1990,
  key = {POPL 1990},
  booktitle = { 17th {ACM} Symposium on Principles of Programming Languages (POPL 90)}, 
 title = { 17th {ACM} Symposium on Principles of Programming Languages (POPL 90)}, 
  year = 1990,
  month = jan,
  address = {San Francisco, CA, United States},
  publisher = acm,
}

@proceedings{popl2006,
  key = {POPL 2006},
  booktitle = { 33th {ACM SIGPLAN-SIGACT} Symposium on Principles of Programming Languages (POPL 2006)}, 
  title = { 33th {ACM SIGPLAN-SIGACT} Symposium on Principles of Programming Languages (POPL 2006)}, 
  year = 2006,
  month = jan,
  address = {Charleston, SC, USA},
  publisher = acm,
}

@proceedings{popl2008,
  key = {POPL 2008},
  booktitle = { 35th {ACM SIGPLAN-SIGACT} Symposium on Principles of Programming Languages (POPL 2008)}, 
  title = { 35th {ACM SIGPLAN-SIGACT} Symposium on Principles of Programming Languages (POPL 2008)}, 
  year = 2008,
  month = jan,
  address = {San Francisco, CA, USA},
  publisher = acm,
}

@proceedings{popl2010,
  key = {POPL 2010},
  booktitle = { 37th annual {ACM SIGPLAN-SIGACT} Symposium on Principles of Programming Languages (POPL 2010)},
  title = { 37th annual {ACM SIGPLAN-SIGACT} Symposium on Principles of Programming Languages (POPL 2010)},
  year = 2010,
  month = jan,
  publisher = acm,
}

@proceedings{popl2011,
  key = {POPL 2011},
  booktitle = { 38th annual {ACM SIGPLAN-SIGACT} Symposium on Principles of Programming Languages (POPL 2011)},
  title = { 38th annual {ACM SIGPLAN-SIGACT} Symposium on Principles of Programming Languages (POPL 2011)},
  year = 2011,
  address = {Austin, Texas, USA},
  month = jan,
  publisher = acm,
}
@proceedings{popl2012,
  key = {POPL 2012},
  booktitle = { 39th annual {ACM SIGPLAN-SIGACT} Symposium on Principles of Programming Languages (POPL 2012)},
  title = { 39th annual {ACM SIGPLAN-SIGACT} symposium on Principles of programming languages (POPL 2012)},
  year = 2012,
  address = {Philadelphia, USA},
  month = jan,
  publisher = acm,
}

@proceedings{popl2014,
  key = {POPL 2014},
  booktitle = { 41st {ACM SIGPLAN-SIGACT} Symposium on Principles of Programming Languages (POPL 2014)},
  title = { 41st {ACM SIGPLAN-SIGACT} Symposium on Principles of Programming Languages (POPL 2014)},
  year = 2014,
  address = {San Diego, CA, USA},
  month = jan,
  publisher = acm,
}

@proceedings{popl2015,
  key = {POPL 2015},
  booktitle = { 42nd {ACM SIGPLAN-SIGACT} Symposium on Principles of Programming Languages (POPL 2015)},
  title = { 42nd {ACM SIGPLAN-SIGACT} Symposium on Principles of Programming Languages (POPL 2015)},
  year = 2015,
  month = jan,
  publisher = acm,
}

@proceedings{popl2016,
  key = {POPL 2016},
  booktitle = { 43rd {ACM SIGPLAN-SIGACT} Symposium on Principles of Programming Languages (POPL 2016)},
  title = { 43rd {ACM SIGPLAN-SIGACT} Symposium on Principles of Programming Languages (POPL 2016)},
  year = 2016,
  address = {St Petersburg, FL, USA},
  month = jan,
  publisher = acm,
}
@proceedings{popl89,
  key = {POPL 1989},
  booktitle = { 16th {ACM} Symposium on Principles of Programming Languages (POPL 89)}, 
 title = { 16th {ACM} Symposium on Principles of Programming Languages (POPL 89)}, 
  year = 1989,
  month = jan,
  address = {Austin, TX, USA},
  publisher = acm,
}
@proceedings{popl77,
  key = {POPL 1977},
  booktitle = { 4th {ACM} Symposium on Principles of Programming Languages (POPL 77)}, 
 title = {Conference Record of the 4th {ACM} Symposium on Principles of Programming Languages (POPL 77)}, 
  year = 1977,
  month = jan,
  address = {Los Angeles, CA, USA},
  publisher = acm,
}



@proceedings{esop2015,
  key = {ESOP 2015},
  booktitle = { 24th European Symposium on Programming Languages and Systems (ESOP 2015)},
  title = { 24th European Symposium on Programming Languages and Systems (ESOP 2015)},
  editor = {Jan Vitek},
  publisher =  sv,
  series = lncs,
  volume = 9032,
  year = 2015,
  month = mar,
  address = {London, UK},
}
@proceedings{esop2014,
  key = {ESOP 2014},
  booktitle = { 23rd European Symposium on Programming Languages and Systems (ESOP 2014)},
  title = { 23rd European Symposium on Programming Languages and Systems (ESOP 2014)},
  editor = {Shao, Zhong},
  publisher =  sv,
  series = lncs,
  volume = 8410,
  year = 2014,
  address = {Grenoble, France},
}
@proceedings{esop2012,
  key = {ESOP 2012},
  booktitle = { 21st European Symposium on Programming Languages and Systems (ESOP 2012)},
  title = { 21st European Symposium on Programming Languages and Systems (ESOP 2012)},
  editor = {Helmut Seidl},
  publisher =  sv,
  series = lncs,
  volume = 7211,
  year = 2012,
  address = {Tallinn, Estonia},
}
@proceedings{esop2009,
  key = {ESOP 2009},
  booktitle = { 18th European Symposium on Programming Languages and Systems (ESOP 2009)},
  title = { 18th European Symposium on Programming Languages and Systems (ESOP 2009)},
  editor = {Giuseppe Castagna},
  publisher =  sv,
  series = lncs,
  volume = 5502,
  year = 2009,
  address = {York, UK},
}

@Proceedings{oopsla2011,
  key = {OOPSLA 2011},
  booktitle =  { 26th {ACM SIGPLAN} Conference on Object-Oriented Programming Systems, Languages and Applications (OOPSLA 2011)},
  title = 	 { 26th {ACM SIGPLAN} Conference on Object-Oriented Programming Systems, Languages and Applications (OOPSLA 2011)},
  year =      2011,
  month =        oct,
  publisher =     acm,
}
@Proceedings{oopsla2012,
  key = {OOPSLA 2012},
  booktitle =  { 27th {ACM SIGPLAN} Conference on Object-Oriented Programming Systems, Languages and Applications (OOPSLA 2012)},
  title = 	 { 27th {ACM SIGPLAN} Conference on Object-Oriented Programming Systems, Languages and Applications (OOPSLA 2012)},
  year =      2012,
  address =      {Tucson, AZ, USA},
  month =        oct,
  publisher =     acm,
}
@Proceedings{oopsla2013,
  key = {OOPSLA 2013},
  booktitle =  { 28th {ACM SIGPLAN} Conference on Object-Oriented Programming Systems, Languages and Applications (OOPSLA 2013)},
  title = 	 { 28th {ACM SIGPLAN} Conference on Object-Oriented Programming Systems, Languages and Applications (OOPSLA 2013)},
  year =      2013,
  address =      {Indianapolis, IN, USA},
  month =        oct,
  publisher =     acm,
}
@Proceedings{oopsla2015,
  key = {OOPSLA 2015},
  booktitle =  { 30th {ACM SIGPLAN} Conference on Object-Oriented Programming Systems, Languages and Applications (OOPSLA 2015)},
  title = 	 { 30th {ACM SIGPLAN} Conference on Object-Oriented Programming Systems, Languages and Applications (OOPSLA 2015)},
  year =      2015,
  address =      {Pittsburgh, PA, USA},
  month =        oct,
  publisher =     acm,
}

@proceedings{ecoop2011,
  booktitle = { 25th European Conference on Object-oriented Programming (ECOOP 2011)},
  title =     { 25th European Conference on Object-Oriented Programming (ECOOP 2011)},
  year      = {2011},
  month =     jul,
  address =    {Lancaster, UK},
  publisher =    sv,
  series = LNCS,
  volume = 6813,
  editor    = {Mira Mezini},
}
@proceedings{ecoop2010,
  booktitle = { 24th European Conference on Object-oriented Programming (ECOOP 2010)},
  title =     { 24th European Conference on Object-Oriented Programming (ECOOP 2010)},
  year      = {2010},
  month =     jun,
  address =    {Maribor, Slovenia},
  publisher =    sv,
  number = 6183,
  series = LNCS,
  editor    = {Theo D'Hondt}
}
@Proceedings{ecoop2007,
 booktitle = { 21st European Conference on Object-oriented Programming (ECOOP 2007)},
 title =      { 21st European Conference on Object-Oriented Programming (ECOOP 2007)},
 year =      2007,
 address =    {Berlin, Germany},
 month =     jul,
 series =       lncs,
 publisher =    sv,
 number = 4609,
 editor = {Erik Ernst},
}

@Proceedings{dls2008,
  key = {DLS 2008},
  booktitle = { 4th {ACM} Dynamic Languages Symposium (DLS 2008)},
  title = { 4th {ACM} Dynamic Languages Symposium (DLS 2008)},
  year =      2008,
  address =      {Paphos, Cyprus},
  month =        jul,
  publisher =     acm,
}

@proceedings{icfp2002,
  key = {ICFP 2002},
  booktitle = { 7th ACM SIGPLAN Conference on Functional Programming (ICFP 2002)},
  title = { 7th ACM SIGPLAN Conference on Functional Programming (ICFP 2002)},
  year = 2002,
  address = {Pittsburgh, PA, USA},
  month = sep,
  publisher = acm,
}

@proceedings{pldi2008,
  key = {PLDI 2015},
  booktitle = { 29th {ACM SIGPLAN} Conference on Programming Language Design and Implementation (PLDI 2008)}, 
  title = { 29th {ACM SIGPLAN} Conference on Programming Language Design and Implementation (PLDI 2008)}, 
  year = 2008,
  publisher = acm,
  month = jun,
  address = {Tucson, AZ, USA},
}

@proceedings{pldi2012,
  key = {PLDI 2012},
  booktitle = { 33th {ACM SIGPLAN} Conference on Programming Language Design and Implementation (PLDI 2012)}, 
  title = { 33th {ACM SIGPLAN} Conference on Programming Language Design and Implementation (PLDI 2012)}, 
  year = 2012,
  publisher = acm,
  month = jun,
  address = {Beijing, China},
}

@proceedings{pldi2015,
  key = {PLDI 2015},
  booktitle = { 36th {ACM SIGPLAN} Conference on Programming Language Design and Implementation (PLDI 2015)}, 
  title = { 36th {ACM SIGPLAN} Conference on Programming Language Design and Implementation (PLDI 2015)}, 
  year = 2015,
  publisher = acm,
  month = jun,
  address = {Portland, OR, USA},
}

@phdthesis{ahmed,
  author = {Amal Ahmed},
  title = {Semantics of Types for Mutable State},
  school = {Princeton University},
  month = nov,
  year = 2004,
}

@article{pottier03flow,
  author       = {Pottier, Fran\c{c}ois and Simonet, Vincent},
  title	       = {Information Flow Inference for ML},
  journal      = toplas,
  issue_date   = {January 2003},
  volume       = 25,
  number       = 1,
  month	       = jan,
  year	       = 2003,
  issn	       = {0164-0925},
  pages	       = {117--158},
  numpages     = 42,
  acmid	       = 596983,
  publisher    = {ACM},
  address      = {New York, NY, USA},
  keywords     = {Constraint-based analysis, non-interference},
} 

@inproceedings{russo10dvss,
  author       = {Russo, Alejandro and Sabelfeld, Andrei},
  title	       = {Dynamic vs. Static Flow-Sensitive Security Analysis},
  booktitle    = {Proceedings of the 2010 23rd IEEE Computer Security
                  Foundations Symposium},
  series       = {CSF '10},
  year	       = 2010,
  isbn	       = {978-0-7695-4082-5},
  pages	       = {186--199},
  numpages     = 14,
  acmid	       = 1845411,
  publisher    = {IEEE Computer Society},
  address      = {Washington, DC, USA},
}

@inproceedings{shroff07dependency,
  author       = {Shroff, Paritosh and Smith, Scott and Thober, Mark},
  title	       = {Dynamic Dependency Monitoring to Secure Information
                  Flow},
  booktitle    = {Proceedings of the 20th IEEE Computer Security
                  Foundations Symposium},
  series       = {CSF '07},
  year	       = 2007,
  isbn	       = {0-7695-2819-8},
  pages	       = {203--217},
  numpages     = 15,
  acmid	       = 1270652,
  publisher    = {IEEE Computer Society},
  address      = {Washington, DC, USA},
}

@article{volpano96sound,
  author       = {Volpano, Dennis and Irvine, Cynthia and Smith,
                  Geoffrey},
  title	       = {A Sound Type System for Secure Flow Analysis},
  journal      = {J. Comput. Secur.},
  issue_date   = {Jan. 1996},
  volume       = 4,
  number       = {2-3},
  month	       = jan,
  year	       = 1996,
  issn	       = {0926-227X},
  pages	       = {167--187},
  numpages     = 21,
  acmid	       = 353648,
  publisher    = {IOS Press},
  address      = {Amsterdam, The Netherlands, The Netherlands},
  keywords     = {program security, soundness proofs, type systems},
}

@phdthesis{mine,
  author = {Antoine Miné},
  title = {Weakly Relational Numerical Abstract Domains},
  school = {L'\'Ecole Polythechnique},
  month = dec,
  year = 2004,
}